@misc{blackjack_regles_1,
	title = {Les règles illustrées du black jack : {Guide} {Blackjack}},
	howpublished = "\url{https://www.guide-blackjack.com/regles-du-black-jack.html}",
	abstract = {Les règles du black jack, présentées de manière simple et illustrées par des schémas.},
	journal = {Guide Blackjack},
	month = apr,
	year = {2013},
	language = {fr-FR},
	urldate = {2022-03-07},
}

@misc{blackjack_regles_2,
	title = {{Règles et Stratégies} du black jack et les bases à connaître !},
	howpublished = "\url{https://www.blackjack-france.net/guide/regles.html}",
	abstract = {Apprenez à jouer au blackjack grâce aux règles et explications de façon simple et efficace.},
	language = {fr-FR},
	urldate = {2022-03-07},
}

@misc{deepstack,
	title = {DeepStack},
	howpublished = "\url{https://www.deepstack.ai}",
	abstract = {DeepStack: Expert-level artificial intelligence, the first to beat human pros at heads-up no-limit hold'em poker},
	language = {en-US},
	urldate = {2022-03-07}
}

@misc{blackjack_statistics,
	title = {The statistics of {Blackjack}},
	howpublished = "\url{https://towardsdatascience.com/the-statistics-of-blackjack-e3b5fc29e67d}",
	abstract = {Exposing Blackjack odds and optimal strategy through data analytics with R},
	language = {en-US},
	urldate = {2022-03-07},
}

@online{libratusBlog,
    author = {Ariane Beky},
    title = {IA : qui de DeepStack ou Libratus bat l’humain au poker ?},
    year = {14 Jan 2017},
    howpublished = "\url{https://www.silicon.fr/deepstack-libratus-intelligence-artificielle-humains-poker-167323.html#}"
}

@misc{stratProba,
    title = {Les probabiltés du black jack},
    howpublished = "\url{https://www.guide-blackjack.com/statistiques-probabiltes-blackjack.html}",
    abstract = {Comprendre et maitriser les quelques probabilités},
    language = {fr-FR},
    urldate = {2022-03-14}
}

@misc{stratBasique,
    title = {Stratégies au Blackjack},
    howpublished = "\url{https://www.playsmart.ca/table-games/blackjack/strategies/?lang=fr}",
    abstract = "",
    language = {fr-FR},
    urldate = {2022-03-14}
}

@misc{stratNull,
    title = {Startégies non-payantes},
    howpublished = "\url{https://www.playsmart.ca/table-games/blackjack/how-to-play/strategy-detail/?lang=fr}",
    abstract = {Certaines approches courantes à éviter.},
    language = {fr-FR},
    urldate = {2022-03-14}
}

@online{gitBJDataset,
    author = {Justin Bodnar},
    title = {Artificial Intelligence in Blackjack Card Counting},
    year = {21 Jul 2019},
    abstract = {A python library for teaching TensorFlow neural networks to play Blackjack and count cards.},
    howpublished = "\url{https://github.com/justinbodnar/blackjack-ai}"
}

@online{gitBJmachineLearning,
    author = {Greg Sommerville},
    title = {machine-learning-blackjack-solution},
    year = {14 Feb 2019},
    howpublished = "\url{https://github.com/GregSommerville/machine-learning-blackjack-solution#machine-learning-blackjack-solution}"
}

@misc{blogBJmachineLearning,
    title = {Winning Blackjack using Machine Learning},
    howpublished = "\url{https://towardsdatascience.com/winning-blackjack-using-machine-learning-681d924f197c}",
    abstract = {A Practical Example of a Genetic Algorithm},
    language = {fr-FR},
    urldate = {2019-02-12}
}