@misc{blackjack_regles_1,
	title = {Les règles illustrées du black jack : {Guide} {Blackjack}},
	howpublished = "\url{https://www.guide-blackjack.com/regles-du-black-jack.html}",
	abstract = {Les règles du black jack, présentées de manière simple et illustrées par des schémas.},
	month = apr,
	year = {2013},
	language = {fr-FR},
	note = {Accessed: April 21 2022}
}

@misc{blackjack_regles_2,
	title = {{Règles et Stratégies} du black jack et les bases à connaître !},
	howpublished = "\url{https://www.blackjack-france.net/guide/regles.html}",
	language = {fr-FR},
	month = mar,
	year = {2022},
	note = {Accessed: March 07 2022}
}

@misc{deepstack,
	title = {DeepStack-Leduc},
    howpublished = "\url{https://github.com/lifrordi/DeepStack-Leduc}",
	author = {Charles University and The Czech Technical University and The University of Alberta},
	month = apr ,
	year = {2017},
	note = {Accessed: April 21 2022}
}


@misc{blackjack_statistics,
	title = {The statistics of {Blackjack}},
	howpublished = "\url{https://towardsdatascience.com/the-statistics-of-blackjack-e3b5fc29e67d}",
	month = Jul ,
    year = 2020,
    note = {Accessed: April 21 2022}
}

@misc{libratusBlog,
    title = {{IA} : qui de {DeepStack} ou {Libratus} bat l’humain au poker ?},
    howpublished = "\url{https://www.silicon.fr/deepstack-libratus-intelligence-artificielle-humains-poker-167323.html}",
    author = {Ariane Beky},
    month = jan ,
    year = {2017},
    note = {Accessed: April 21 2022}
}

@misc{stratProba,
    title = {Les probabiltés du black jack},
    howpublished = "\url{https://www.guide-blackjack.com/statistiques-probabiltes-blackjack.html}",
    month = mar ,
    year = 2022,
    note = {Accessed: April 21 2022}
}

@misc{stratBasique,
    title = {Stratégies au Blackjack},
    howpublished = "\url{https://www.playsmart.ca/table-games/blackjack/strategies/?lang=fr}",
    language = {fr-FR},
    month = mar ,
    year = 2022,
    note = {Accessed: April 21 2022},
}

@misc{stratNull,
    title = {Startégies non-payantes},
    howpublished = "\url{https://www.playsmart.ca/table-games/blackjack/how-to-play/strategy-detail/?lang=fr}",
    language = {fr-FR},
    month = mar ,
    year = 2022,
    note = {Accessed: April 21 2022}
}

@misc{gitBJDataset,
    author = {Justin Bodnar},
    howpublished = "\url{https://github.com/justinbodnar/blackjack-ai}",
    title = {Artificial Intelligence in Blackjack Card Counting},
    month = jul ,
    year = {2019},
    note = {Accessed: April 21 2022}
}

@misc{gitBJmachineLearning,
  author = {Greg Sommerville},
  howpublished = "\url{https://github.com/GregSommerville/machine-learning-blackjack-solution#machine-learning-blackjack-solution}",
  title = {{machine-learning-blackjack-solution}},
  month = feb ,
  year = {2019},
  note = {Accessed: April 21 2022}
}

@misc{blogBJmachineLearning,
    title = "{W}inning {B}lackjack using Machine {L}earning",
    howpublished = "\url{https://towardsdatascience.com/winning-blackjack-using-machine-learning-681d924f197c}",
    month = feb ,
    year = 2019,
    note = {Accessed: April 21 2022}
}

@misc{ref-tensorflow,
    author = {tensorflow},
    title = {Tensorflow, An Open Source Machine Learning Framework for Everyone},
    howpublished = "\url{https://github.com/tensorflow/tensorflow}",
    note = {Accessed: April 21 2022}
}

@misc{ref-keras,
    author = {keras-team},
    title = {Keras, Deep Learning for humans},
    howpublished = "\url{https://github.com/keras-team/keras}",
    note = {Accessed: April 21 2022}
}

@misc{ref-numpy,
    author = {numpy},
    title = {Numpy, The fundamental package for scientific computing with Python},
    howpublished = "\url{https://github.com/numpy/numpy}",
    note = {Accessed: April 21 2022}
}

@misc{ref-pandas,
    author = {pandas-dev},
    title = {Pandas, Flexible and powerful data analysis/manipulation library for Python},
    howpublished = "\url{https://github.com/pandas-dev/pandas}",
    note = {Accessed: April 21 2022}
}
